@article{obara1986efficient,
  title={Efficient recursive computation of molecular integrals over Cartesian Gaussian functions},
  author={Obara, Shigeru and Saika, A},
  journal={The Journal of chemical physics},
  volume={84},
  number={7},
  pages={3963--3974},
  year={1986},
  publisher={AIP}
}

@book{helgaker2014molecular,
  title={Molecular electronic-structure theory},
  author={Helgaker, Trygve and Jorgensen, Poul and Olsen, Jeppe},
  year={2014},
  publisher={John Wiley \& Sons}
}

@phdthesis{may2006density,
  title={Density fitting in explicitly correlated electronic structure theory},
  author={May, Andrew James},
  year={2006},
  school={University of Bristol}
}



@article{schuchardt2007basis,
  title={Basis set exchange: a community database for computational sciences},
  author={Schuchardt, Karen L and Didier, Brett T and Elsethagen, Todd and Sun, Lisong and Gurumoorthi, Vidhya and Chase, Jared and Li, Jun and Windus, Theresa L},
  journal={Journal of chemical information and modeling},
  volume={47},
  number={3},
  pages={1045--1052},
  year={2007},
  publisher={ACS Publications}
}

@article{johnson1988modified,
  title={Modified Broydenâ€™s method for accelerating convergence in self-consistent calculations},
  author={Johnson, Duane D},
  journal={Physical Review B},
  volume={38},
  number={18},
  pages={12807},
  year={1988},
  publisher={APS}
}